<record xmlns:xsi="http://www.w3.org/2001/XMLSchema-instance" xmlns="http://www.loc.gov/MARC21/slim" xsi:schemaLocation="http://www.loc.gov/MARC21/slim http://www.loc.gov/standards/marcxml/schema/MARC21slim.xsd">

  <leader>01182nab a2200169   4500</leader>
  <controlfield tag="005">20160331134825.0</controlfield>
  <controlfield tag="008">151210b2006    cr f|||| |||| 00| 0 spa d</controlfield>
  <datafield ind2=" " ind1=" " tag="090">
    <subfield code="a">REVIS 06.02.01</subfield>
  </datafield>
  <datafield ind2=" " ind1="1" tag="100">
    <subfield code="9">1201</subfield>
    <subfield code="a">Fernández Piñon, Monserrat</subfield>
  </datafield>
  <datafield ind2="0" ind1="1" tag="245">
    <subfield code="a">Educadoras Femistas: Continúa la Revolución Inconclusa Nicaragüense /</subfield>
    <subfield code="c">Monserrat Fernández Piñon</subfield>
  </datafield>
  <datafield tag="260" ind1=" " ind2=" ">
    <subfield code="a">San José, Costa Rica :</subfield>
    <subfield code="b">Editorial Universidad de Costa Rica,</subfield>
    <subfield code="c">2006</subfield>
  </datafield>
  <datafield ind1=" " tag="300" ind2=" ">
    <subfield code="a"> páginas 11-29</subfield>
  </datafield>
  <datafield ind2=" " tag="520" ind1=" ">
    <subfield code="a">Este artículo ubica y documenta el desarrollo y los aportes de la educación feminista en Nicaragua en el contexto socio histórico y político en el que surge y evoluciona, utilizando como referente conceptual y temporal la Revolución Sandinista, a la cual hacen referencia las 67 educadoras feministas entrevistadas para la tesis doctoral que sirve de base a este artículo, "Espiritualidad en la Educación: concepciones de educadoras feministas de la Nicaragua de inicios del siglo XXI"</subfield>
  </datafield>
  <datafield ind2="4" tag="650" ind1="1">
    <subfield code="9">1</subfield>
    <subfield code="a">EDUCACIÓN</subfield>
  </datafield>
  <datafield tag="773" ind1="0" ind2=" ">
    <subfield code="d">San José, Costa Rica : Editorial de la Universidad de Costa Rica, 1997-</subfield>
    <subfield code="o">R0306</subfield>
    <subfield code="t">EDUCACIÓN: Revista de la Universidad de Costa Rica</subfield>
    <subfield code="g">Vol.30, no.1 (2006)</subfield>
  </datafield>
  <datafield ind1=" " tag="942" ind2=" ">
    <subfield code="2">z</subfield>
    <subfield code="c">10</subfield>
  </datafield>
  <datafield ind1=" " tag="999" ind2=" ">
    <subfield code="c">2955</subfield>
    <subfield code="d">2955</subfield>
  </datafield>
</record>